% CJE Playbook References
% Add bibliography entries here

@article{placeholder2025,
  title={Placeholder reference},
  author={Author, First},
  journal={Journal Name},
  year={2025}
}
